<record><leader>00000cas a2200000 a 4500</leader><controlfield tag="001">31116906</controlfield><controlfield tag="008">940915d19061946fluwr ne      0    0eng c</controlfield><datafield ind1=" " ind2=" " tag="010"><subfield code="a">sn 96027367 </subfield></datafield><datafield ind1=" " ind2=" " tag="040"><subfield code="a">DZM</subfield><subfield code="b">eng</subfield><subfield code="c">DZM</subfield><subfield code="d">FUG</subfield><subfield code="d">NYS</subfield><subfield code="d">OCLCQ</subfield><subfield code="d">OCLCF</subfield><subfield code="d">OCLCO</subfield></datafield><datafield ind1=" " ind2=" " tag="012"><subfield code="i">9602</subfield></datafield><datafield ind1="1" ind2=" " tag="029"><subfield code="a">AU@</subfield><subfield code="b">000012580792</subfield></datafield><datafield ind1=" " ind2=" " tag="042"><subfield code="a">pcc</subfield></datafield><datafield ind1=" " ind2=" " tag="043"><subfield code="a">n-us-fl</subfield></datafield><datafield ind1="0" ind2=" " tag="130"><subfield code="a">American eagle (Estero, Fla. : 1906)</subfield></datafield><datafield ind1="1" ind2="0" tag="245"><subfield code="a">American eagle.</subfield></datafield><datafield ind1=" " ind2=" " tag="260"><subfield code="a">Estero, Fla. :</subfield><subfield code="b">Koreshan Unity,</subfield><subfield code="c">-1946.</subfield></datafield><datafield ind1=" " ind2=" " tag="300"><subfield code="a">41 v. :</subfield><subfield code="b">ill. ;</subfield><subfield code="c">40 cm.</subfield></datafield><datafield ind1=" " ind2=" " tag="310"><subfield code="a">Weekly</subfield></datafield><datafield ind1="1" ind2=" " tag="362"><subfield code="a">Began in 1906.</subfield></datafield><datafield ind1="0" ind2=" " tag="362"><subfield code="a">-v. 41, no. 2 (May 2, 1946).</subfield></datafield><datafield ind1=" " ind2=" " tag="500"><subfield code="a">Editor: A.H. Andrews.</subfield></datafield><datafield ind1=" " ind2=" " tag="500"><subfield code="a">"Exponent of purity in politics."</subfield></datafield><datafield ind1=" " ind2=" " tag="500"><subfield code="a">"Screams for Lee Co. in particular and Florida in general."</subfield></datafield><datafield ind1=" " ind2=" " tag="588"><subfield code="a">Description based on: Vol. 21, no. 13 (Aug. 12, 1926).</subfield></datafield><datafield ind1=" " ind2="0" tag="650"><subfield code="a">Horticulture</subfield><subfield code="z">Florida.</subfield></datafield><datafield ind1=" " ind2="0" tag="651"><subfield code="a">Estero (Fla.)</subfield><subfield code="v">Newspapers.</subfield></datafield><datafield ind1=" " ind2="0" tag="651"><subfield code="a">Lee County (Fla.)</subfield><subfield code="v">Newspapers.</subfield></datafield><datafield ind1=" " ind2="7" tag="655"><subfield code="a">Newspapers.</subfield><subfield code="2">fast</subfield><subfield code="0">(OCoLC)fst01423814</subfield></datafield><datafield ind1=" " ind2="7" tag="650"><subfield code="a">Horticulture.</subfield><subfield code="2">fast</subfield><subfield code="0">(OCoLC)fst00960791</subfield></datafield><datafield ind1=" " ind2="7" tag="651"><subfield code="a">Florida.</subfield><subfield code="2">fast</subfield><subfield code="0">(OCoLC)fst01205150</subfield></datafield><datafield ind1=" " ind2="7" tag="651"><subfield code="a">Florida</subfield><subfield code="z">Estero.</subfield><subfield code="2">fast</subfield><subfield code="0">(OCoLC)fst01224749</subfield></datafield><datafield ind1=" " ind2="7" tag="651"><subfield code="a">Florida</subfield><subfield code="z">Lee County.</subfield><subfield code="2">fast</subfield><subfield code="0">(OCoLC)fst01202773</subfield></datafield><datafield ind1="2" ind2=" " tag="710"><subfield code="a">Koreshan Unity.</subfield></datafield><datafield ind1=" " ind2=" " tag="752"><subfield code="a">United States</subfield><subfield code="b">Florida</subfield><subfield code="c">Lee</subfield><subfield code="d">Estero.</subfield></datafield><datafield ind1="0" ind2="0" tag="785"><subfield code="t">American eagle and horticulture review</subfield><subfield code="w">(DLC)sn 96027368</subfield><subfield code="w">(OCoLC)34204847</subfield></datafield><datafield ind1=" " ind2=" " tag="850"><subfield code="a">FU</subfield></datafield></record>